[gd_scene load_steps=11 format=2]

[ext_resource path="res://misc_images/conveyer.png" type="Texture" id=1]
[ext_resource path="res://characters/PhysicsBox.tscn" type="PackedScene" id=2]
[ext_resource path="res://characters/PhysicsKaracter.tscn" type="PackedScene" id=3]
[ext_resource path="res://characters/PhysicsCircle.tscn" type="PackedScene" id=4]


[sub_resource type="RectangleShape2D" id=1]
extents = Vector2( 144, 16 )

[sub_resource type="PhysicsMaterial" id=2]
friction = 0.5
bounce = 0.5

[sub_resource type="PhysicsMaterial" id=3]
friction = 0.5
bounce = 0.5

[sub_resource type="PhysicsMaterial" id=4]
friction = 0.5
bounce = 0.5

[sub_resource type="PhysicsMaterial" id=5]
friction = 0.5
bounce = 0.5

[sub_resource type="GDScript" id=6]
script/source = "extends Button

# class member variables go here, for example:
# var a = 2
# var b = \"textvar\"

func _ready():
	# Called when the node is added to the scene for the first time.
	# Initialization here
	pass

func _pressed():
	get_tree().change_scene(\"res://stages/testStage2.tscn\")
#func _process(delta):
#	# Called every frame. Delta is time since last frame.
#	# Update game logic here.
#	pass
"

[node name="testStage" type="Node"]

[node name="Node2D" type="Node2D" parent="."]
position = Vector2( 224, 512 )
scale = Vector2( 2.38479, 2.38479 )

[node name="TextureRect" type="TextureRect" parent="."]
margin_left = 112.0
margin_top = 224.0
margin_right = 400.0
margin_bottom = 256.0
rect_rotation = -10.7133
texture = ExtResource( 1 )
stretch_mode = 2

[node name="StaticBody2D" type="StaticBody2D" parent="TextureRect"]
constant_linear_velocity = Vector2( 200, 0 )

[node name="CollisionShape2D" type="CollisionShape2D" parent="TextureRect/StaticBody2D"]
position = Vector2( 144, 16 )
shape = SubResource( 1 )

[node name="TextureRect3" type="TextureRect" parent="."]
margin_left = 832.0
margin_top = 358.0
margin_right = 1120.0
margin_bottom = 390.0
rect_rotation = -154.464
texture = ExtResource( 1 )
stretch_mode = 2

[node name="StaticBody2D" type="StaticBody2D" parent="TextureRect3"]
constant_linear_velocity = Vector2( -200, -100 )

[node name="CollisionShape2D" type="CollisionShape2D" parent="TextureRect3/StaticBody2D"]
position = Vector2( 144, 16 )
shape = SubResource( 1 )

[node name="TextureRect4" type="TextureRect" parent="."]
margin_left = 842.0
margin_top = 333.0
margin_right = 1130.0
margin_bottom = 365.0
rect_rotation = -70.5645
texture = ExtResource( 1 )
stretch_mode = 2

[node name="StaticBody2D" type="StaticBody2D" parent="TextureRect4"]
constant_linear_velocity = Vector2( -200, -100 )

[node name="CollisionShape2D" type="CollisionShape2D" parent="TextureRect4/StaticBody2D"]
position = Vector2( 144, 16 )
shape = SubResource( 1 )

[node name="TextureRect2" type="TextureRect" parent="."]
margin_left = -57.0
margin_top = -13.0
margin_right = 231.0
margin_bottom = 19.0
rect_rotation = 53.1842
texture = ExtResource( 1 )
stretch_mode = 2

[node name="StaticBody2D" type="StaticBody2D" parent="TextureRect2"]
constant_linear_velocity = Vector2( 50, 0 )

[node name="CollisionShape2D" type="CollisionShape2D" parent="TextureRect2/StaticBody2D"]
position = Vector2( 144, 16 )
shape = SubResource( 1 )

[node name="PhysicsBox" parent="." instance=ExtResource( 2 )]
position = Vector2( 777.858, 151.421 )
rotation = 0.722328
physics_material_override = SubResource( 2 )

[node name="PhysicsKaracter" parent="." instance=ExtResource( 3 )]
position = Vector2( 48, 320 )

[node name="PhysicsCircle" parent="." instance=ExtResource( 4 )]
position = Vector2( 736, 48 )
physics_material_override = SubResource( 3 )

[node name="PhysicsCircle3" parent="." instance=ExtResource( 4 )]
position = Vector2( 32, 0 )
physics_material_override = SubResource( 4 )

[node name="PhysicsBox3" parent="." instance=ExtResource( 2 )]
position = Vector2( 208, 144 )
rotation = 0.7797
physics_material_override = SubResource( 5 )

[node name="Button" type="Button" parent="."]
margin_left = 944.0
margin_top = 160.0
margin_right = 1024.0
margin_bottom = 224.0
text = "kueet"
script = SubResource( 6 )

[node name="Button2" type="Button" parent="."]
margin_left = 944.0
margin_top = 240.0
margin_right = 1024.0
margin_bottom = 304.0
text = "next"
script = SubResource( 6 )
