[gd_scene load_steps=7 format=2]

[ext_resource path="res://characters/PhysicsCircle.tscn" type="PackedScene" id=1]
[ext_resource path="res://misc_images/PressurePlate.png" type="Texture" id=2]
[ext_resource path="res://tilesets/NatureTileSet.tres" type="TileSet" id=3]



[sub_resource type="PhysicsMaterial" id=1]
friction = 0.5
bounce = 0.5

[sub_resource type="GDScript" id=2]
script/source = "extends RigidBody2D
export(NodePath) var bod



# class member variables go here, for example:
# var a = 2
# var b = \"textvar\"

func _ready():
	set_contact_monitor(true)
	set_max_contacts_reported(1)
	# Called when the node is added to the scene for the first time.
	# Initialization here
	pass

#func _process(delta):
#	# Called every frame. Delta is time since last frame.
#	# Update game logic here.
#	pass


func _on_PressurePlate_body_entered(body):
	print(body)
	print(body.get(\"name\"))
	if (body.get(\"name\") == \"PhysicsCircle\"):
		get_tree().change_scene(\"res://stages/IntroScreen.tscn\")
	pass # replace with function body
"

[sub_resource type="RectangleShape2D" id=3]
extents = Vector2( 32, 10 )

[node name="testStage2" type="Node"]

[node name="PhysicsCircle" parent="." instance=ExtResource( 1 )]
position = Vector2( 128, 64 )
physics_material_override = SubResource( 1 )

[node name="PressurePlate" type="RigidBody2D" parent="."]
position = Vector2( 417.587, 474.186 )
script = SubResource( 2 )
__meta__ = {
"_edit_group_": true
}
bod = NodePath("../PhysicsCircle")

[node name="spr_PressurePlate" type="Sprite" parent="PressurePlate"]
texture = ExtResource( 2 )

[node name="CollisionShape2D" type="CollisionShape2D" parent="PressurePlate"]
shape = SubResource( 3 )

[node name="TileMap" type="TileMap" parent="."]
tile_set = ExtResource( 3 )
format = 1
tile_data = PoolIntArray( 131072, 0, 196614, 131073, 0, 196609, 196610, 0, 196614, 196614, 536870912, 131076, 262149, 536870912, 131076, 262150, 536870912, 6, 327685, 536870912, 6, 393217, 0, 2, 393218, 0, 196609, 458753, 0, 131073, 458754, 0, 393216, 458755, 0, 196608, 458756, 0, 196609, 524289, 0, 131073, 524290, 0, 262145, 524291, 0, 65537, 524292, 0, 65537, 524294, 0, 6, 589824, 0, 131078, 589825, 0, 131078, 589826, 0, 131078, 589827, 0, 131078, 589828, 0, 131078, 589829, 0, 131078, 589830, 0, 131078, 589831, 0, 131078, 589832, 0, 131078, 589833, 0, 131078, 589834, 0, 131078, 589835, 0, 131078, 589836, 0, 131078, 589837, 0, 131078, 589838, 0, 131078, 589839, 0, 131078 )
[connection signal="body_entered" from="PressurePlate" to="PressurePlate" method="_on_PressurePlate_body_entered"]
