[gd_scene load_steps=9 format=2]

[ext_resource path="res://scripts/scr_enemyKaracter.gd" type="Script" id=1]
[ext_resource path="res://sprites/enemy/enemyIdle/spr_enemyIdle.png" type="Texture" id=2]
[ext_resource path="res://sprites/enemy/enemyWalk/spr_enemyWalk0.png" type="Texture" id=3]
[ext_resource path="res://sprites/enemy/enemyWalk/spr_enemyWalk1.png" type="Texture" id=4]
[ext_resource path="res://sprites/enemy/enemyWalk/spr_enemyWalk2.png" type="Texture" id=5]

[sub_resource type="CapsuleShape2D" id=1]
height = 44.0

[sub_resource type="SpriteFrames" id=2]
animations = [ {
"frames": [ ExtResource( 2 ) ],
"loop": true,
"name": "idle",
"speed": 5.0
}, {
"frames": [ ExtResource( 3 ), ExtResource( 4 ), ExtResource( 5 ), ExtResource( 5 ), ExtResource( 4 ), ExtResource( 3 ) ],
"loop": true,
"name": "walk",
"speed": 10.0
} ]

[sub_resource type="RectangleShape2D" id=3]
extents = Vector2( 12.0538, 32 )

[node name="KinematicBody2D" type="KinematicBody2D"]
script = ExtResource( 1 )

[node name="CollisionShape2D" type="CollisionShape2D" parent="."]
shape = SubResource( 1 )

[node name="AnimatedSprite" type="AnimatedSprite" parent="."]
frames = SubResource( 2 )
animation = "walk"
frame = 2
playing = true

[node name="knokbek" type="Area2D" parent="."]

[node name="CollisionShape2D" type="CollisionShape2D" parent="knokbek"]
shape = SubResource( 3 )
[connection signal="body_entered" from="knokbek" to="." method="_on_knokbek_body_entered"]
